
@inreference{AlanTuring2021,
  title = {Alan Turing},
  booktitle = {Wikipédia},
  date = {2021-08-09T22:32:22Z},
  url = {https://fr.wikipedia.org/w/index.php?title=Alan_Turing&oldid=185375396},
  urldate = {2021-08-16},
  abstract = {Alan Mathison Turing, né le 23 juin 1912 à Londres et mort le 7 juin 1954 à Wilmslow, est un mathématicien et cryptologue britannique, auteur de travaux qui fondent scientifiquement l'informatique. Pour résoudre le problème fondamental de la décidabilité en arithmétique, il présente en 1936 une expérience de pensée que l'on nommera ensuite machine de Turing et des concepts de programme et de programmation, qui prendront tout leur sens avec la diffusion des ordinateurs, dans la seconde moitié du XXe siècle. Son modèle a contribué à établir la thèse de Church, qui définit le concept mathématique intuitif de fonction calculable. Durant la Seconde Guerre mondiale, il joue un rôle majeur dans la cryptanalyse de la machine Enigma utilisée par les armées allemandes : l'invention de machines usant de procédés électroniques , les  bombes, fera passer le décryptage à plusieurs milliers de messages par jour. Ce travail secret ne sera connu du public que dans les années 1970. Après la guerre, il travaille sur un des tout premiers ordinateurs, puis contribue au débat sur la possibilité de l'intelligence artificielle, en proposant le test de Turing. Vers la fin de sa vie, il s'intéresse à des modèles de morphogenèse du vivant conduisant aux « structures de Turing ». Poursuivi en justice en 1952 pour homosexualité, il choisit, pour éviter la prison, la castration chimique par prise d'œstrogènes. Il est retrouvé mort par empoisonnement au cyanure le 8 juin 1954 dans la chambre de sa maison à Wilmslow. La reine Élisabeth II le reconnaît comme héros de guerre et le gracie à titre posthume en 2013.},
  langid = {french},
  annotation = {Page Version ID: 185375396},
  file = {/home/adminuser/Zotero/storage/FCSCQIUI/index.html}
}

@online{BitwardenOpenSource,
  title = {Bitwarden {{Open Source Password Manager}}},
  url = {https://bitwarden.com/},
  urldate = {2021-08-18},
  abstract = {Bitwarden, the open source password manager, makes it easy to generate and store unique passwords for any browser or device. Create your free account on the platform with end-to-end encryption and flexible integration options for you or your business.},
  langid = {english},
  organization = {{Bitwarden}},
  file = {/home/adminuser/Zotero/storage/ZVM64WAJ/bitwarden.com.html}
}

@online{CreusetsNet,
  title = {Creusets.Net},
  url = {https://creusets.net/},
  urldate = {2021-08-11},
  file = {/home/adminuser/Zotero/storage/9W9SZ8PQ/creusets.net.html}
}

@online{DefinitionLogicielLibre,
  title = {Définition d'un Logiciel Libre~? {{GNU FSF}}},
  url = {https://www.gnu.org/philosophy/free-sw.html},
  urldate = {2021-08-16},
  file = {/home/adminuser/Zotero/storage/EYI3JNRZ/free-sw.html}
}

@online{ElizaTherapeuteElectronique,
  title = {Eliza, {{Thérapeute}} Électronique},
  url = {https://eliza.levillage.org/index.html},
  urldate = {2021-08-16},
  file = {/home/adminuser/Zotero/storage/2ADPGJ4I/index.html}
}

@inreference{EnigmaMachine2021,
  title = {Enigma (machine)},
  booktitle = {Wikipédia},
  date = {2021-07-01T13:05:08Z},
  url = {https://fr.wikipedia.org/w/index.php?title=Enigma_(machine)&oldid=184278626},
  urldate = {2021-08-16},
  abstract = {Enigma est une machine électromécanique portative servant au chiffrement et au déchiffrement de l'information. Elle fut inventée par l'Allemand Arthur Scherbius, reprenant un brevet du Néerlandais Hugo Koch, datant de 1919,. Enigma fut utilisée principalement par les Allemands (Die Chiffriermaschine Enigma) pendant la Seconde Guerre mondiale. Le terme Enigma désigne en fait toute une famille de machines, car il en a existé de nombreuses et subtiles variantes, commercialisées en Europe et dans le reste du monde à partir de 1923. Elle fut aussi adoptée par les services militaires et diplomatiques de nombreuses nations. Son utilisation la plus célèbre fut celle faite par l'Allemagne nazie et ses alliés, avant et pendant la Seconde Guerre mondiale, la machine étant réputée inviolable selon ses concepteurs. Néanmoins un nombre important de messages Enigma ont pu être décryptés près de sept ans avant la guerre. Dès 1931, le Service français de renseignement (surnommé le « 2e Bureau ») était parvenu à recruter une source (Hans-Thilo Schmidt) au sein même du bureau du chiffre du ministère de la Reichswehr. Il obtient de lui de premières copies de la documentation ; il les proposa à l'Intelligence Service britannique, qui se montra sceptique, et au service polonais, qui fut très intéressé. Une coopération s'instaura, qui allait durer jusqu'en 1939. Les Français continuèrent de fournir de nouveaux renseignements obtenus de la même source, et les Polonais montèrent une équipe qui parvint à reproduire la machine à partir de la documentation de plus en plus précise qui leur parvenait. En décembre 1932, 3 mathématiciens polonais (Marian Rejewski, Jerzy Różycki et Henryk Zagalski) ont réussi a décrypter des messages de l'Enigma. En octobre 1938 Rejewski a mis en place un décryptage par une machine électromécanique (appelé une « bombe cryptologique » - elle prenait 2 heures pour décrypter la clef du jour). Le 25 juillet 1939 à Pyry près de Varsovie les Polonais ont transmis un exemplaire d'Enigma ainsi que la documentation sur le décryptage aussi bien aux représentants de renseignement français qu'aux représentants de renseignement britannique.  Pendant le second conflit mondial, les cryptanalystes britanniques, dont Alan Turing, purent continuer les travaux du mathématicien polonais Marian Rejewski. Ils furent par la suite, dans des circonstances favorables et pendant des intervalles de temps plus ou moins longs, capables de déchiffrer les messages Enigma en perfectionnant les « bombes électromécaniques » inventées et mises au point par Rejewski. Les informations obtenues grâce au déchiffrement des messages d'Enigma donnèrent au camp des Alliés un avantage certain dans la poursuite de la guerre. On a estimé que le conflit en Europe a été écourté d'au minimum deux ans grâce à la cryptanalyse des chiffres et des codes allemands,.},
  langid = {french},
  annotation = {Page Version ID: 184278626},
  file = {/home/adminuser/Zotero/storage/Q9KYDWGJ/index.html}
}

@online{ENTEnvironnementNumerique,
  title = {{{ENT}} - {{Environnement}} Numérique de Travail},
  url = {https://edu.vs.ch/login},
  urldate = {2021-08-11},
  file = {/home/adminuser/Zotero/storage/WPB6WJ7S/login.html}
}

@inreference{LicenceApache2021,
  title = {Licence Apache},
  booktitle = {Wikipédia},
  date = {2021-03-16T13:30:14Z},
  url = {https://fr.wikipedia.org/w/index.php?title=Licence_Apache&oldid=180929419},
  urldate = {2021-08-13},
  abstract = {La licence Apache est une licence de logiciel libre et open source. Elle est écrite par l'Apache Software Foundation, qui l'applique à tous les logiciels qu'elle publie. Il existe plusieurs versions de cette licence (1.0, 1.1, 2.0). Cette licence n'est pas copyleft.},
  langid = {french},
  annotation = {Page Version ID: 180929419},
  file = {/home/adminuser/Zotero/storage/RBRUSSJV/index.html}
}

@inreference{LicenceBSD2021,
  title = {Licence BSD},
  booktitle = {Wikipédia},
  date = {2021-04-14T16:30:07Z},
  url = {https://fr.wikipedia.org/w/index.php?title=Licence_BSD&oldid=181900830},
  urldate = {2021-08-13},
  abstract = {La licence BSD (Berkeley Software Distribution License) est une licence libre utilisée pour la distribution de logiciels. Elle permet de réutiliser tout ou une partie du logiciel sans restriction, qu'il soit intégré dans un logiciel libre ou propriétaire. La version originale de la licence BSD incluait une clause de publicité particulièrement contraignante qui obligeait la mention du copyright dans toute publicité ou document fourni avec le logiciel, ce qui pouvait provoquer quelques problèmes en cas d'utilisation d'un grand nombre de composants sous cette licence. La nouvelle version de cette licence ne contient plus cette clause de publicité.},
  langid = {french},
  annotation = {Page Version ID: 181900830},
  file = {/home/adminuser/Zotero/storage/2H2KTMXP/index.html}
}

@inreference{LicenceCeCILL2021,
  title = {Licence CeCILL},
  booktitle = {Wikipédia},
  date = {2021-06-04T14:15:40Z},
  url = {https://fr.wikipedia.org/w/index.php?title=Licence_CeCILL&oldid=183542540},
  urldate = {2021-08-13},
  abstract = {La licence CeCILL est une licence de logiciel libre. C'est l'abréviation de « CEA CNRS INRIA logiciel libre ».},
  langid = {french},
  annotation = {Page Version ID: 183542540},
  file = {/home/adminuser/Zotero/storage/WSE6BAPC/index.html}
}

@inreference{LicencePubliqueGenerale2021,
  title = {Licence publique générale GNU},
  booktitle = {Wikipédia},
  date = {2021-06-24T18:18:11Z},
  url = {https://fr.wikipedia.org/w/index.php?title=Licence_publique_g%C3%A9n%C3%A9rale_GNU&oldid=184098035},
  urldate = {2021-08-13},
  abstract = {La licence publique générale GNU, ou GNU General Public License (son seul nom officiel en anglais, communément abrégé GNU GPL, voire simplement « GPL »), est une licence qui fixe les conditions légales de distribution d'un logiciel libre du projet GNU. Richard Stallman, président et fondateur de la Free Software Foundation en est l'auteur. Sa dernière version est la « GNU GPL version 3 » publiée le 29 juin 2007 avec le concours juridique d'Eben Moglen. Cette licence a depuis été adoptée, en tant que document définissant le mode d'utilisation, donc d'usage et de diffusion, par de nombreux auteurs de logiciels libres, en dehors des projets GNU.},
  langid = {french},
  annotation = {Page Version ID: 184098035},
  file = {/home/adminuser/Zotero/storage/5YGG3PAD/index.html}
}

@inreference{ListeExtensionsFichiers2021,
  title = {Liste d'extensions de fichiers},
  booktitle = {Wikipédia},
  date = {2021-08-08T18:59:32Z},
  url = {https://fr.wikipedia.org/w/index.php?title=Liste_d%27extensions_de_fichiers&oldid=185338580},
  urldate = {2021-08-17},
  abstract = {Cet article est une liste alphabétique non exhaustive d'extensions de fichiers (sous forme succincte ; des précisions sont données dans les articles en lien).},
  langid = {french},
  annotation = {Page Version ID: 185338580},
  file = {/home/adminuser/Zotero/storage/DZ28UJGK/index.html}
}

@inreference{LogicielLibre2021,
  title = {Logiciel libre},
  booktitle = {Wikipédia},
  date = {2021-05-26T07:28:09Z},
  url = {https://fr.wikipedia.org/w/index.php?title=Logiciel_libre&oldid=183267862},
  urldate = {2021-08-11},
  abstract = {Un logiciel libre est un logiciel dont l'utilisation, l'étude, la modification et la duplication par autrui en vue de sa diffusion sont permises, techniquement et juridiquement, ceci afin de garantir certaines libertés induites, dont le contrôle du programme par l'utilisateur et la possibilité de partage entre individus. Ces droits peuvent être simplement disponibles — cas du domaine public — ou bien établis par une licence, dite « libre », basée sur le droit d'auteur. Les « licences copyleft » garantissent le maintien de ces droits aux utilisateurs même pour les travaux dérivés. Les logiciels libres constituent une alternative à ceux qui ne le sont pas, qualifiés de « propriétaires » ou de « privateurs ». Ces derniers sont alors considérés par une partie de la communauté du logiciel libre comme étant l'instrument d'un pouvoir injuste, en permettant au développeur de contrôler l'utilisateur. Le logiciel libre est souvent confondu à tort avec : les gratuiciels (freewares) : un gratuiciel est un logiciel gratuit propriétaire, alors qu'un logiciel libre se définit par les libertés accordées à l'utilisateur. Si la nature du logiciel libre facilite et encourage son partage, ce qui tend à le rendre gratuit, elle ne s'oppose pas pour autant à sa rentabilité principalement via des services associés. Les rémunérations sont liées par exemple aux travaux de création, de développement, de mise à disposition et de soutien technique. D'un autre côté les logiciels gratuits ne sont pas nécessairement libres, car leur code source n'est pas systématiquement accessible et leur licence peut ne pas correspondre à la définition du logiciel libre. l’open source : le logiciel libre, selon son initiateur, est un mouvement social qui repose sur les principes de Liberté, Égalité, Fraternité ; l’open source quant à lui, décrit pour la première fois dans La Cathédrale et le Bazar, s'attache aux avantages d'une méthode de développement au travers de la réutilisation du code source.},
  langid = {french},
  annotation = {Page Version ID: 183267862},
  file = {/home/adminuser/Zotero/storage/GKQR74HY/index.html}
}

@inreference{MachineTuring2021,
  title = {Machine de Turing},
  booktitle = {Wikipédia},
  date = {2021-08-15T04:34:01Z},
  url = {https://fr.wikipedia.org/w/index.php?title=Machine_de_Turing&oldid=185502386},
  urldate = {2021-08-16},
  abstract = {En informatique théorique, une machine de Turing est un modèle abstrait du fonctionnement des appareils mécaniques de calcul, tel un ordinateur. Ce modèle a été imaginé par Alan Turing en 1936, en vue de donner une définition précise au concept d’algorithme ou de « procédure mécanique ». Il est toujours largement utilisé en informatique théorique, en particulier dans les domaines de la complexité algorithmique et de la calculabilité.  À l'origine, le concept de machine de Turing, inventé avant l'ordinateur, était censé représenter une personne virtuelle exécutant une procédure bien définie, en changeant le contenu des cases d'un ruban infini, en choisissant ce contenu parmi un ensemble fini de symboles. D'autre part, à chaque étape de la procédure, la personne doit se placer dans un état particulier parmi un ensemble fini d'états. La procédure est formulée en termes d'étapes élémentaires du type : « si vous êtes dans l'état 42 et que le symbole contenu sur la case que vous regardez est « 0 », alors remplacer ce symbole par un « 1 », passer dans l'état 17, et regarder maintenant la case adjacente à droite ». La thèse de Church postule que tout problème de calcul fondé sur une procédure algorithmique peut être résolu par une machine de Turing. Cette thèse n'est pas un énoncé mathématique, puisqu'elle ne suppose pas une définition précise des procédures algorithmiques. En revanche, il est possible de définir une notion de « système acceptable de programmation » et de démontrer que le pouvoir de tels systèmes est équivalent à celui des machines de Turing (ils sont Turing-complets).},
  langid = {french},
  annotation = {Page Version ID: 185502386},
  file = {/home/adminuser/Zotero/storage/KABCC7MX/index.html}
}

@online{MoodleLCC,
  title = {Moodle {{LCC}}},
  url = {https://moodle-lcc.edu-ictvs.ch/},
  urldate = {2021-08-11},
  file = {/home/adminuser/Zotero/storage/GSBPZQ8U/moodle-lcc.edu-ictvs.ch.html}
}

@inreference{TestTuring2021,
  title = {Test de Turing},
  booktitle = {Wikipédia},
  date = {2021-05-26T09:02:58Z},
  url = {https://fr.wikipedia.org/w/index.php?title=Test_de_Turing&oldid=183270561},
  urldate = {2021-08-16},
  abstract = {Le test de Turing est une proposition de test d’intelligence artificielle fondée sur la faculté d'une machine à imiter la conversation humaine. Décrit par Alan Turing en 1950 dans sa publication Computing Machinery and Intelligence, ce test consiste à mettre un humain en confrontation verbale à l’aveugle avec un ordinateur et un autre humain. Si la personne qui engage les conversations n’est pas capable de dire lequel de ses interlocuteurs est un ordinateur, on peut considérer que le logiciel de l’ordinateur a passé avec succès le test. Cela sous-entend que l’ordinateur et l’humain essaieront d’avoir une apparence sémantique humaine.  Pour conserver la simplicité et l’universalité du test, la conversation est limitée à des messages textuels entre les protagonistes.},
  langid = {french},
  annotation = {Page Version ID: 183270561},
  file = {/home/adminuser/Zotero/storage/IZ8G7NU7/index.html}
}

@online{WhatFreeSoftware,
  title = {What Is {{Free Software}}? - {{GNU Project}} - {{Free Software Foundation}}},
  url = {https://www.gnu.org/philosophy/free-sw.en.html},
  urldate = {2021-08-16},
  file = {/home/adminuser/Zotero/storage/KVSEP8QK/free-sw.en.html}
}


